<record><leader>00000cas a22000007i 4500</leader><controlfield tag="001">921934076</controlfield><controlfield tag="006">m     o  d        </controlfield><controlfield tag="007">cr |||||||||||</controlfield><controlfield tag="008">150923d19721978nyubr n o     0   a0eng  </controlfield><datafield ind1=" " ind2=" " tag="010"><subfield code="a">  2015202609</subfield></datafield><datafield ind1=" " ind2=" " tag="040"><subfield code="a">DLC</subfield><subfield code="b">eng</subfield><subfield code="c">DLC</subfield><subfield code="d">OCLCO</subfield><subfield code="d">OCLCQ</subfield></datafield><datafield ind1=" " ind2=" " tag="022"><subfield code="a">2381-0327</subfield><subfield code="2">1</subfield></datafield><datafield ind1=" " ind2=" " tag="043"><subfield code="a">n-us-ny</subfield></datafield><datafield ind1=" " ind2="4" tag="050"><subfield code="a">AP2</subfield><subfield code="b">.Y57</subfield></datafield><datafield ind1="0" ind2="4" tag="082"><subfield code="a">070</subfield><subfield code="2">23</subfield></datafield><datafield ind1=" " ind2="0" tag="222"><subfield code="a">Yipster times</subfield><subfield code="b">(Online)</subfield></datafield><datafield ind1="0" ind2="0" tag="245"><subfield code="a">Yipster times.</subfield></datafield><datafield ind1="1" ind2=" " tag="246"><subfield code="a">Yipster</subfield></datafield><datafield ind1="1" ind2=" " tag="246"><subfield code="a">Y.T.</subfield></datafield><datafield ind1="1" ind2=" " tag="246"><subfield code="a">YT</subfield></datafield><datafield ind1=" " ind2="1" tag="264"><subfield code="3">1972- June 1973</subfield><subfield code="a">Staten Island, N.Y. :</subfield><subfield code="b">Y.I.P. News Service</subfield></datafield><datafield ind1=" " ind2="1" tag="264"><subfield code="3">&lt;Aug.-Sep. 1973&gt;-1978 ;</subfield><subfield code="a">New York, N.Y. :</subfield><subfield code="b">YIPinform</subfield></datafield><datafield ind1=" " ind2=" " tag="310"><subfield code="a">Bimonthly</subfield></datafield><datafield ind1=" " ind2=" " tag="336"><subfield code="a">text</subfield><subfield code="b">txt</subfield><subfield code="2">rdacontent</subfield></datafield><datafield ind1=" " ind2=" " tag="337"><subfield code="a">computer</subfield><subfield code="b">c</subfield><subfield code="2">rdamedia</subfield></datafield><datafield ind1=" " ind2=" " tag="338"><subfield code="a">online resource</subfield><subfield code="b">cr</subfield><subfield code="2">rdacarrier</subfield></datafield><datafield ind1="1" ind2=" " tag="362"><subfield code="a">Print began with v. 1, no. 1 (1972); ceased with v. 7, no. 1 (Oct. 1978) = issue no. 32.</subfield></datafield><datafield ind1=" " ind2=" " tag="515"><subfield code="a">Whole issue numbering begins with no. 15 = v. 4, no. 1 (Feb. 1976).</subfield></datafield><datafield ind1=" " ind2=" " tag="515"><subfield code="a">Vol. 1, no. 2 dated 1917 on cover.</subfield></datafield><datafield ind1=" " ind2=" " tag="525"><subfield code="a">Separately paged and numbered supplements with title Sunday Telegram accompany each number.</subfield></datafield><datafield ind1="0" ind2=" " tag="588"><subfield code="a">Volume 1, number 6 (June 1973); title from PDF caption (Independent Voices website, viewed on September 23, 2015).</subfield></datafield><datafield ind1="1" ind2=" " tag="588"><subfield code="a">Volume 1, no. 1, issue 32 (October 1978) (viewed on September 23, 2015).</subfield></datafield><datafield ind1="2" ind2="0" tag="610"><subfield code="a">Youth International Party</subfield><subfield code="v">Newspapers.</subfield></datafield><datafield ind1=" " ind2="0" tag="650"><subfield code="a">Underground press publications</subfield><subfield code="z">New York (State)</subfield><subfield code="v">Newspapers.</subfield></datafield><datafield ind1=" " ind2="0" tag="651"><subfield code="a">Staten Island (New York, N.Y.)</subfield><subfield code="v">Newspapers.</subfield></datafield><datafield ind1=" " ind2="0" tag="651"><subfield code="a">Richmond County (N.Y.)</subfield><subfield code="v">Newspapers.</subfield></datafield><datafield ind1=" " ind2="0" tag="651"><subfield code="a">New York (N.Y.)</subfield><subfield code="v">Newspapers.</subfield></datafield><datafield ind1=" " ind2="0" tag="651"><subfield code="a">New York County (N.Y.)</subfield><subfield code="v">Newspapers.</subfield></datafield><datafield ind1="2" ind2="7" tag="610"><subfield code="a">Youth International Party.</subfield><subfield code="2">fast</subfield><subfield code="0">(OCoLC)fst00583567</subfield></datafield><datafield ind1=" " ind2="7" tag="650"><subfield code="a">Underground press publications.</subfield><subfield code="2">fast</subfield><subfield code="0">(OCoLC)fst01160984</subfield></datafield><datafield ind1=" " ind2="7" tag="651"><subfield code="a">New York (State)</subfield><subfield code="2">fast</subfield><subfield code="0">(OCoLC)fst01210280</subfield></datafield><datafield ind1=" " ind2="7" tag="651"><subfield code="a">New York (State)</subfield><subfield code="z">New York.</subfield><subfield code="2">fast</subfield><subfield code="0">(OCoLC)fst01204333</subfield></datafield><datafield ind1=" " ind2="7" tag="651"><subfield code="a">New York (State)</subfield><subfield code="z">New York County.</subfield><subfield code="2">fast</subfield><subfield code="0">(OCoLC)fst01234953</subfield></datafield><datafield ind1=" " ind2="7" tag="651"><subfield code="a">New York (State)</subfield><subfield code="z">New York</subfield><subfield code="z">Staten Island.</subfield><subfield code="2">fast</subfield><subfield code="0">(OCoLC)fst01312784</subfield></datafield><datafield ind1=" " ind2="7" tag="651"><subfield code="a">New York (State)</subfield><subfield code="z">Richmond County.</subfield><subfield code="2">fast</subfield><subfield code="0">(OCoLC)fst01246820</subfield></datafield><datafield ind1=" " ind2="7" tag="655"><subfield code="a">Newspapers.</subfield><subfield code="2">fast</subfield><subfield code="0">(OCoLC)fst01423814</subfield></datafield><datafield ind1="2" ind2=" " tag="710"><subfield code="a">Youth International Party.</subfield><subfield code="b">News Service.</subfield></datafield><datafield ind1=" " ind2=" " tag="752"><subfield code="a">United States</subfield><subfield code="b">New York</subfield><subfield code="c">Richmond</subfield><subfield code="d">Staten Island (New York, N.Y.)</subfield></datafield><datafield ind1=" " ind2=" " tag="752"><subfield code="a">United States</subfield><subfield code="b">New York</subfield><subfield code="d">New York.</subfield></datafield><datafield ind1="0" ind2="8" tag="776"><subfield code="i">Print version:</subfield><subfield code="t">Yipster times</subfield><subfield code="x">2381-0319</subfield><subfield code="w">(DLC)sn 95023112</subfield><subfield code="w">(OCoLC)10253232</subfield></datafield><datafield ind1="0" ind2="0" tag="785"><subfield code="t">Overthrow</subfield></datafield><datafield ind1="4" ind2="0" tag="856"><subfield code="u">http://voices.revealdigital.com/cgi-bin/independentvoices?a=cl&amp;cl=CL1&amp;sp=BACFDCDC&amp;ai=1&amp;e=-------en-20--1--txt-txIN---------------1</subfield></datafield></record>